<?xml version="1.0" encoding="UTF-8"?><collection xmlns="http://www.loc.gov/MARC21/slim"><record><leader>00376nam--2200145-i-4500</leader><controlfield tag="001">000003304</controlfield><controlfield tag="002">20161230</controlfield><controlfield tag="005">20161230201025</controlfield><controlfield tag="008">060222s1000------------r-----000-0-eng-d</controlfield><datafield ind1=" " ind2=" " tag="080"><subfield code="a">543.54</subfield></datafield><datafield ind1=" " ind2=" " tag="100"><subfield code="a">Abassin,Jean-jack/S.A.</subfield></datafield><datafield ind1=" " ind2=" " tag="245"><subfield code="a">Etude de l adsorption en atmosphere fluorante</subfield></datafield><datafield ind1=" " ind2=" " tag="260"><subfield code="a">Saclay,Centre D Etudes Nucleaires, 1966 76p</subfield></datafield><datafield ind1=" " ind2=" " tag="490"><subfield code="a">2932</subfield></datafield><datafield ind1=" " ind2=" " tag="852"><subfield code="a">13455</subfield></datafield></record></collection>